@article{turing:1950,
  title={Computing machinery and intelligence},
  author={Turing, Alan M},
  journal={Mind},
  volume={59},
  number={236},
  pages={433--460},
  year={1950},
}

@article{turing:1936,
  title={On computable numbers, with an application to the Entscheidungsproblem},
  author={Turing, Alan M},
  journal={Proceedings of the London mathematical society},
  volume={42},
  number={2},
  pages={230--265},
  year={1936},
}

@article{diffusionMaps,
  title={Diffusion maps},
  author={Coifman, Ronald R and Lafon, St{\'e}phane},
  journal={Applied and computational harmonic analysis},
  volume={21},
  number={1},
  pages={5--30},
  year={2006},
  publisher={Elsevier}
}

@article{vectorDiffusionMaps,
  title={Vector diffusion maps and the connection Laplacian},
  author={Singer, Amit and Wu, H-T},
  journal={Communications on pure and applied mathematics},
  volume={65},
  number={8},
  pages={1067--1144},
  year={2012},
  publisher={Wiley Online Library}
}

@inproceedings{multiDiffusionMaps,
  title={Multi-frequency vector diffusion maps},
  author={Fan, Yifeng and Zhao, Zhizhen},
  booktitle={International Conference on Machine Learning},
  pages={1843--1852},
  year={2019},
  organization={PMLR}
}

@article{localPCA,
    author = {Kambhatla, Nandakishore and Leen, Todd K.},
    title = "{Dimension Reduction by Local Principal Component Analysis}",
    journal = {Neural Computation},
    volume = {9},
    number = {7},
    pages = {1493-1516},
    year = {1997},
    month = {07},
    abstract = "{Reducing or eliminating statistical redundancy between the components of high-dimensional vector data enables a lower-dimensional representation without significant loss of information. Recognizing the limitations of principal component analysis (PCA), researchers in the statistics and neural network communities have developed nonlinear extensions of PCA. This article develops a local linear approach to dimension reduction that provides accurate representations and is fast to compute. We exercise the algorithms on speech and image data, and compare performance with PCA and with neural network implementations of nonlinear PCA. We find that both nonlinear techniques can provide more accurate representations than PCA and show that the local linear techniques outperform neural network implementations.}",
    issn = {0899-7667},
    doi = {10.1162/neco.1997.9.7.1493},
    url = {https://doi.org/10.1162/neco.1997.9.7.1493},
    eprint = {https://direct.mit.edu/neco/article-pdf/9/7/1493/813763/neco.1997.9.7.1493.pdf},
}

@inproceedings{learningToDrop,
  title={Learning to drop: Robust graph neural network via topological denoising},
  author={Luo, Dongsheng and Cheng, Wei and Yu, Wenchao and Zong, Bo and Ni, Jingchao and Chen, Haifeng and Zhang, Xiang},
  booktitle={Proceedings of the 14th ACM International Conference on Web Search and Data Mining},
  pages={779--787},
  year={2021}
}

@inproceedings{simpleGCN,
  title={Simplifying graph convolutional networks},
  author={Wu, Felix and Souza, Amauri and Zhang, Tianyi and Fifty, Christopher and Yu, Tao and Weinberger, Kilian},
  booktitle={International conference on machine learning},
  pages={6861--6871},
  year={2019},
  organization={PMLR}
}

@article{GCN,
  title={Semi-supervised classification with graph convolutional networks},
  author={Kipf, Thomas N and Welling, Max},
  journal={arXiv preprint arXiv:1609.02907},
  year={2016}
}

@article{GAT,
  title={Graph attention networks},
  author={Veli{\v{c}}kovi{\'c}, Petar and Cucurull, Guillem and Casanova, Arantxa and Romero, Adriana and Lio, Pietro and Bengio, Yoshua},
  journal={arXiv preprint arXiv:1710.10903},
  year={2017}
}

@inproceedings{noneLocalMean,
  title={A non-local algorithm for image denoising},
  author={Buades, Antoni and Coll, Bartomeu and Morel, J-M},
  booktitle={2005 IEEE Computer Society Conference on Computer Vision and Pattern Recognition (CVPR'05)},
  volume={2},
  pages={60--65},
  year={2005},
  organization={IEEE}
}

@article{SpectralGraphTheory,
  title={Spectral graph theory},
  author={Spielman, Daniel},
  journal={Combinatorial scientific computing},
  volume={18},
  year={2012},
  publisher={Citeseer}
}

@article{LaplaceRandomProjections,
  title={Graph Laplacian tomography from unknown random projections},
  author={Coifman, Ronald R and Shkolnisky, Yoel and Sigworth, Fred J and Singer, Amit},
  journal={IEEE Transactions on Image Processing},
  volume={17},
  number={10},
  pages={1891--1899},
  year={2008},
  publisher={IEEE}
}

@article{singleParticleCryoEm,
  title={Single-particle cryo-electron microscopy},
  author={Doerr, Allison},
  journal={Nature methods},
  volume={13},
  number={1},
  pages={23--23},
  year={2016},
  publisher={Nature Publishing Group}
}