@article{GAT,
  title={Graph attention networks},
  author={Veli{\v{c}}kovi{\'c}, Petar and Cucurull, Guillem and Casanova, Arantxa and Romero, Adriana and Lio, Pietro and Bengio, Yoshua},
  journal={arXiv preprint arXiv:1710.10903},
  year={2017},
  doi={10.48550/arXiv.1710.10903}
}

@inproceedings{noneLocalMean,
  title={A non-local algorithm for image denoising},
  author={Buades, Antoni and Coll, Bartomeu and Morel, J-M},
  booktitle={2005 IEEE Computer Society Conference on Computer Vision and Pattern Recognition (CVPR'05)},
  volume={2},
  pages={60--65},
  year={2005},
  organization={IEEE},
  doi={10.1109/CVPR.2005.38},
}


@article{LaplaceRandomProjections,
  title={Graph Laplacian tomography from unknown random projections},
  author={Coifman, Ronald R and Shkolnisky, Yoel and Sigworth, Fred J and Singer, Amit},
  journal={IEEE Transactions on Image Processing},
  volume={17},
  number={10},
  pages={1891--1899},
  year={2008},
  publisher={IEEE},
  doi={10.1109/TIP.2008.2002305},
}

@article{bm3d,
  title={Image denoising by sparse 3-D transform-domain collaborative filtering},
  author={Dabov, Kostadin and Foi, Alessandro and Katkovnik, Vladimir and Egiazarian, Karen},
  journal={IEEE Transactions on Image Processing},
  volume={16},
  number={8},
  pages={2080--2095},
  year={2007},
  publisher={IEEE},
  doi={10.1109/TIP.2007.901238},
}
@article{transformer,
  title={Attention is all you need},
  author={Vaswani, Ashish and Shazeer, Noam and Parmar, Niki and Uszkoreit, Jakob and Jones, Llion and Gomez, Aidan N and Kaiser, {\L}ukasz and Polosukhin, Illia},
  journal={Advances in neural information processing systems},
  volume={30},
  year={2017},
  doi = {10.48550/arXiv.1706.03762}
}

@article{lodopab-dataset,
  title={The lodopab-ct dataset: A benchmark dataset for low-dose ct reconstruction methods},
  author={Leuschner, Johannes and Schmidt, Maximilian and Baguer, Daniel Otero and Maa{\ss}, Peter},
  journal={arXiv preprint arXiv:1910.01113},
  year={2019},
  doi={10.1038/s41597-021-00893-z}
}

@inproceedings{unet-tomography,
  title={U-net: Convolutional networks for biomedical image segmentation},
  author={Ronneberger, Olaf and Fischer, Philipp and Brox, Thomas},
  booktitle={International Conference on Medical image computing and computer-assisted intervention},
  pages={234--241},
  year={2015},
  organization={Springer},
  doi={10.1007/978-3-319-24574-4_28}
}
