@inproceedings{cryoEmMath2,
  title={Mathematics for cryo-electron microscopy},
  author={Singer, Amit},
  booktitle={Proceedings of the International Congress of Mathematicians: Rio de Janeiro 2018},
  pages={3995--4014},
  year={2018},
  organization={World Scientific}
}

@article{singleParticleCryoEm,
  title={Single-particle cryo-electron microscopy},
  author={Doerr, Allison},
  journal={Nature methods},
  volume={13},
  number={1},
  pages={23--23},
  year={2016},
  publisher={Nature Publishing Group}
}