@inproceedings{cryoEmMath2,
  title={Mathematics for cryo-electron microscopy},
  author={Singer, Amit},
  booktitle={Proceedings of the International Congress of Mathematicians: Rio de Janeiro 2018},
  pages={3995--4014},
  year={2018},
  organization={World Scientific}
}
